<?xml version="1.0" encoding="UTF-8"?><collection xmlns="http://www.loc.gov/MARC21/slim"><record><leader>00416nam--2200157-i-4500</leader><controlfield tag="001">000011087</controlfield><controlfield tag="002">20161230</controlfield><controlfield tag="005">20170210210159</controlfield><controlfield tag="008">060222s1000------------r-----000-0-eng-d</controlfield><datafield ind1=" " ind2=" " tag="245"><subfield code="a">Crystal growth. An introduction</subfield></datafield><datafield ind1=" " ind2=" " tag="260"><subfield code="a">Amsterdam</subfield><subfield code="b">North-Holland Publ.Co</subfield><subfield code="c">1973</subfield></datafield><datafield ind1=" " ind2=" " tag="300"><subfield code="a">531 p</subfield></datafield><datafield ind1=" " ind2=" " tag="490"><subfield code="a">North-Holland Series In Crystal Growth</subfield></datafield><datafield ind1=" " ind2=" " tag="700"><subfield code="a">Hartman, P</subfield></datafield><datafield ind1=" " ind2=" " tag="852"><subfield code="a">548.5</subfield></datafield><datafield ind1=" " ind2=" " tag="CAT"><subfield code="a">SYS</subfield><subfield code="c">20170210</subfield><subfield code="h">210159</subfield></datafield></record></collection>